<?xml version="1.0" encoding="UTF-8"?><collection xmlns="http://www.loc.gov/MARC21/slim"><record><leader>00483nam--2200145-i-4500</leader><controlfield tag="001">000012354</controlfield><controlfield tag="002">20161230</controlfield><controlfield tag="005">20161230201029</controlfield><controlfield tag="008">060222s1000------------r-----000-0-eng-d</controlfield><datafield ind1=" " ind2=" " tag="245"><subfield code="a">Differential topology and geometry. proceedings of the colloquium</subfield></datafield><datafield ind1=" " ind2=" " tag="260"><subfield code="a">Berlin, Springer-verlag, 1975</subfield></datafield><datafield ind1=" " ind2=" " tag="490"><subfield code="a">Lecture Notes In Mathematics. Edited By A.Dold And B.Ekman</subfield></datafield><datafield ind1=" " ind2=" " tag="700"><subfield code="a">Houbert, G.P., Moussu, R.P.And Roussarie, R.H</subfield></datafield><datafield ind1=" " ind2=" " tag="852"><subfield code="a">45397</subfield><subfield code="c">515/516</subfield></datafield><datafield ind1=" " ind2=" " tag="CAT"><subfield code="a">Sys</subfield><subfield code="c">20080612</subfield><subfield code="h">111853</subfield></datafield></record></collection>